@book{beck2003test,
  title =	 {Test-driven Development: By Example},
  author =	 {Beck, Kent},
  date =         {2002-11-08},
  isbn =         {978-0-321-14653-3},
  publisher =	 {Addison-Wesley Professional},
}

@book{arbuckle2014learning,
  title =	 {Learning Python Testing},
  author =	 {Arbuckle, Daniel},
  year =	 2014,
  publisher =	 {Packt Publishing Ltd}
}

@online{david2015assertions,
  title =	 {Assertions in C++, and Why Not to Use assert()},
  author =	 {David},
  date =	 {2015-01-16},
  url =          {https://www.softwariness.com/articles/assertions-in-cpp/},
  urldate =	 {2017-07-12}
}

@book{binder2000testing,
  title =	 {Testing object-oriented systems: models, patterns, and tools},
  author =	 {Binder, Robert V},
  year =	 2000,
  publisher =	 {Addison-Wesley Professional}
}

@book{beck2000extreme,
  title={Extreme Programming Explained: Embrace Change, Second Edition},
  author={Beck, Kent; Cynthia Andres},
  date={2004-11-16},
  chapter={13},
  isbn={978-0-321-27865-4},
  publisher={Addison-Wesley Professional}
}

@book{chess2007static,
  title={Secure programming with static analysis},
  author={Chess, Brian and West, Jacob},
  year={2007},
  publisher={Pearson Education},
  chapter = {2.2}
}